001  0000152
005  20180630135715.866
008  170706s||||     bl|||||||||||||||||por|u
020    $a9788561635312
040    $aPorto Alegre$bpor
041 1  $apor$bpor$heng
080    $282-93-Azul$a1997
090    $a82-93-Azul$bM599$c2 ed.
245 10 $aMeus contos africanos
260    $aSão Paulo$bMartins Martins Fontes$c2009
300    $a149 p.
650    $aÁfrica
650    $aContos
650    $aLiteratura infanto-juvenil
650    $aLiteratura africana
650    $aNelson Mandela
